@article{gemignani2015linking,
  title={Linking Sleep Slow Oscillations with consciousness theories: new vistas on Slow Wave Sleep unconsciousness},
  author={Gemignani, Angelo and Menicucci, Danilo and Laurino, Marco and Piarulli, Andrea and Mastorci, Francesca and Sebastiani, Laura and Allegrini, Paolo},
  journal={Archives italiennes de biologie},
  volume={153},
  number={2-3},
  pages={135--143},
  year={2015}
}

@article{furrer2019sleep,
  title={Sleep EEG slow-wave activity in medicated and unmedicated children and adolescents with attention-deficit/hyperactivity disorder},
  author={Furrer, Melanie and Jaramillo, Valeria and Volk, Carina and Ringli, Maya and Aellen, Robert and Wehrle, Flavia M and Pugin, Fiona and Kurth, Salome and Brandeis, Daniel and Schmid, Markus and others},
  journal={Translational psychiatry},
  volume={9},
  number={1},
  pages={1--8},
  year={2019},
  publisher={Nature Publishing Group UK}
}

@article{berger1929,
  title={{\"U}ber das elektroenkephalogramm des menschen},
  author={Berger, Hans},
  journal={Archiv f{\"u}r psychiatrie und nervenkrankheiten},
  volume={87},
  number={1},
  pages={527--570},
  year={1929}
}

@incollection{aulinas2019physiology,
  title={Physiology of the Pineal Gland and Melatonin},
  author={Aulinas, Anna},
  booktitle={Endotext [Internet]},
  year={2019},
  publisher={MDText. com, Inc.}
}

@article{choi2014melatonin,
  title={Melatonin inhibits voltage-sensitive Ca2+ channel-mediated neurotransmitter release},
  author={Choi, Tae-Yong and Kwon, Ji Eun and Durrance, Eunice Sung and Jo, Su-Hyun and Choi, Se-Young and Kim, Kyong-Tai},
  journal={Brain research},
  volume={1557},
  pages={34--42},
  year={2014},
  publisher={Elsevier}
}

@article{koella1984organization,
  title={The organization and regulation of sleep},
  author={Koella, WP},
  journal={Experientia},
  volume={40},
  number={4},
  pages={309--338},
  year={1984},
  publisher={Springer}
}

@article{de2011melatonergic,
  title={The melatonergic system: Effects on sleep and implications for the treatment of psychiatric disorders},
  author={De Berardis, Domenico and Acciavatti, Tiziano and Di Iorio, Giuseppe and Corbo, Mariangela and Serroni, Nicola and Campanella, Daniela and Di Emidio, Fabiola and Piersanti, Monica and Cavuto, Marilde and Martinotti, Giovanni and others},
  journal={ChronoPhysiology and Therapy},
  volume={1},
  pages={59--67},
  year={2011},
  publisher={Dove Press}
}

@article{montagna2005fatal,
  title={Fatal familial insomnia: a model disease in sleep physiopathology},
  author={Montagna, Pasquale},
  journal={Sleep medicine reviews},
  volume={9},
  number={5},
  pages={339--353},
  year={2005},
  publisher={Elsevier}
}

@incollection{akert1965anatomical,
  title={The anatomical substrate of sleep},
  author={Akert, K},
  booktitle={Progress in brain research},
  volume={18},
  pages={9--19},
  year={1965},
  publisher={Elsevier}
}

@article{akert1951sleep,
  title={Sleep produced by electrical stimulation of the thalamus},
  author={Akert, Konrad and Koella, WP and Hess Jr, R},
  journal={American Journal of Physiology-Legacy Content},
  volume={168},
  number={1},
  pages={260--267},
  year={1951},
  publisher={American Physiological Society}
}

@article{brown2012control,
  title={Control of sleep and wakefulness},
  author={Brown, Ritchie E and Basheer, Radhika and McKenna, James T and Strecker, Robert E and McCarley, Robert W},
  journal={Physiological reviews},
  year={2012},
  publisher={American Physiological Society Bethesda, MD}
}

@article{qazzaz2017modulation,
  title={Modulation of the passive membrane properties of a pair of strongly electrically coupled neurons by anaesthetics},
  author={Qazzaz, Munir M and Winlow, William},
  journal={EC Neurol},
  volume={6},
  pages={187--200},
  year={2017}
}

@article{eger1981isoflurane,
  title={Isoflurane: A Review},
  author={Eger, Edmond I},
  journal={Anesthesiology: The Journal of the American Society of Anesthesiologists},
  volume={55},
  number={5},
  pages={559--576},
  year={1981},
  publisher={The American Society of Anesthesiologists}
}

@article{nghiem2018two,
  title={Two types of slow waves in anesthetized and sleeping brains},
  author={Nghiem, Trang-Anh E and Tort-Colet, Nuria and G{\'o}rski, Tomasz and Ferrari, Ulisse and Moghimyfiroozabad, Shayan and Goldman, Jennifer S and Tele{\'n}czuk, Bartosz and Capone, Cristiano and Bal, Thierry and di Volo, Matteo and others},
  journal={bioRxiv},
  pages={430405},
  year={2018},
  publisher={Cold Spring Harbor Laboratory}
}

@article{moghadam2019comparative,
  title={A Comparative Study of Cell Specific Effects of Systemic and Volatile Anesthetics on Identified Motor Neurons and Interneurons of Lymnaea stagnalis (L.), Both in the Isolated Brain and in Single Cell Culture},
  author={Moghadam, Hadi and Yar, Talay and Qazzaz, Munir M and Ahmed, Ibrahim Abdelrazig and Winlow, William},
  journal={Frontiers in Physiology},
  volume={10},
  pages={583},
  year={2019},
  publisher={Frontiers}
}

@article{jenkins1999effects,
  title={Effects of Temperature and Volatile Anesthetics on GABAAReceptors},
  author={Jenkins, Andrew and Franks, Nicholas P and Lieb, William R},
  journal={Anesthesiology: The Journal of the American Society of Anesthesiologists},
  volume={90},
  number={2},
  pages={484--491},
  year={1999},
  publisher={The American Society of Anesthesiologists}
}

@article{niethard2018cortical,
  title={Cortical circuit activity underlying sleep slow oscillations and spindles},
  author={Niethard, Niels and Ngo, Hong-Viet V and Ehrlich, Ingrid and Born, Jan},
  journal={Proceedings of the National Academy of Sciences},
  volume={115},
  number={39},
  pages={E9220--E9229},
  year={2018},
  publisher={National Acad Sciences}
}

@article{celotto2020analysis,
  title={Analysis and model of cortical slow waves acquired with optical techniques},
  author={Celotto, Marco and De Luca, Chiara and Resta, Paolo Muratore Francesco and Allegra Mascaro, Anna Letizia and Pavone, Francesco Saverio and De Bonis, Giulia and Paolucci, Pier Stanislao},
  journal={Methods and Protocols},
  volume={3},
  number={1},
  pages={14},
  year={2020},
  publisher={Multidisciplinary Digital Publishing Institute}
}

@article{buzsaki1996hippocampo,
  title={The hippocampo-neocortical dialogue},
  author={Buzs{\'a}ki, Gy{\"o}rgy},
  journal={Cerebral cortex},
  volume={6},
  number={2},
  pages={81--92},
  year={1996},
  publisher={Oxford University Press}
}

@article{bernardi2018local,
  title={Local and widespread slow waves in stable NREM sleep: evidence for distinct regulation mechanisms},
  author={Bernardi, Giulio and Siclari, Francesca and Handjaras, Giacomo and Riedner, Brady A and Tononi, Giulio},
  journal={Frontiers in human neuroscience},
  volume={12},
  pages={248},
  year={2018},
  publisher={Frontiers}
}

@article{jercog2017up,
  title={UP-DOWN cortical dynamics reflect state transitions in a bistable network},
  author={Jercog, Daniel and Roxin, Alex and Bartho, Peter and Luczak, Artur and Compte, Albert and De La Rocha, Jaime},
  journal={Elife},
  volume={6},
  pages={e22425},
  year={2017},
  publisher={eLife Sciences Publications Limited}
}

@incollection{miller2020inhalational,
  title={Inhalational anesthetic},
  author={Miller, Amanda L and Theodore, Danny and Widrich, Jason},
  booktitle={StatPearls [Internet]},
  year={2020},
  publisher={StatPearls Publishing}
}

@article{buljubasic1992effects,
  title={Effects of halothane and isoflurane on calcium and potassium channel currents in canine coronary arterial cells},
  author={Buljubasic, Nediljka and Rusch, Nancy J and Marijic, Jure and Kampine, John P and Bosnjak, Zeljko J},
  journal={Anesthesiology: The Journal of the American Society of Anesthesiologists},
  volume={76},
  number={6},
  pages={990--998},
  year={1992},
  publisher={The American Society of Anesthesiologists}
}

@article{akimoto1956sleep,
  title={On the sleep induced througb electrical stimulation on dog thalamus},
  author={Akimoto, Haruo and Yamaguchi, Nariyoshi and Okabe, Ken-ichir{\^o} and Nakagawa, Tsutomu and Nakamura, Itsuaki and Abe, Ranichi and Torii, Hosaku and Masahashi, K{\^o}ji},
  journal={Psychiatry and Clinical Neurosciences},
  volume={10},
  number={2},
  pages={117--146},
  year={1956},
  publisher={Wiley Online Library}
}

@article{kostowski1969electrical,
  title={Electrical stimulation of midbrain raphe: biochemical, behavioral and bioelectrical effects},
  author={Kostowski, W and Giacalone, E and Garattini, S and Valzelli, L},
  journal={European Journal of Pharmacology},
  volume={7},
  number={2},
  pages={170--175},
  year={1969},
  publisher={Elsevier}
}

@article{steriade1984thalamus,
  title={The thalamus as a neuronal oscillator},
  author={Steriade, M and Deschenes, M},
  journal={Brain Research Reviews},
  volume={8},
  number={1},
  pages={1--63},
  year={1984},
  publisher={Elsevier}
}

@article{stroh2013making,
  title={Making waves: initiation and propagation of corticothalamic Ca2+ waves in vivo},
  author={Stroh, Albrecht and Adelsberger, Helmuth and Groh, Alexander and R{\"u}hlmann, Charlotta and Fischer, Sebastian and Schierloh, Anja and Deisseroth, Karl and Konnerth, Arthur},
  journal={Neuron},
  volume={77},
  number={6},
  pages={1136--1150},
  year={2013},
  publisher={Elsevier}
}

@article{luthi2014sleep,
  title={Sleep spindles: where they come from, what they do},
  author={L{\"u}thi, Anita},
  journal={The Neuroscientist},
  volume={20},
  number={3},
  pages={243--256},
  year={2014},
  publisher={SAGE Publications Sage CA: Los Angeles, CA}
}
